<?xml version="1.0" encoding="UTF-8"?><collection xmlns="http://www.loc.gov/MARC21/slim"><record><leader>00377nam--2200145-i-4500</leader><controlfield tag="001">000033180</controlfield><controlfield tag="002">20161230</controlfield><controlfield tag="005">20170125130908</controlfield><controlfield tag="008">060222s1000------------r-----000-0-eng-d</controlfield><datafield ind1=" " ind2=" " tag="100"><subfield code="a">Moissan, Henri</subfield></datafield><datafield ind1=" " ind2=" " tag="245"><subfield code="a">Traite de chimie minerale publie sous la direction de ..</subfield></datafield><datafield ind1=" " ind2=" " tag="260"><subfield code="a">Paris</subfield><subfield code="b">Masson Et Cie</subfield><subfield code="c">1904</subfield></datafield><datafield ind1=" " ind2=" " tag="300"><subfield code="a">1078 p</subfield></datafield><datafield ind1=" " ind2=" " tag="852"><subfield code="a">964</subfield></datafield><datafield ind1=" " ind2=" " tag="CAT"><subfield code="a">SYS</subfield><subfield code="c">20170125</subfield><subfield code="h">130908</subfield></datafield></record></collection>